@inproceedings{aalsalem2015automated,
  title={An automated vehicle parking monitoring and management system using ANPR cameras},
  author={Aalsalem, Mohammed Y and Khan, Wazir Zada and Dhabbah, Khalid Mohammed},
  booktitle={2015 17th International Conference on Advanced Communication Technology (ICACT)},
  pages={706--710},
  year={2015},
  organization={IEEE}
}

@article{sharma2017automated,
  title={Automated Parking and Security System},
  author={Sharma, Ridhi and Jasani, K and Jaiswal, A and Bais, P},
  journal={International Journal for Advance Research, Ideas and Innovations in Technology},
  volume={3},
  number={2},
  pages={709--715},
  year={2017}
}

@article{goddard2017eu,
  title={The EU General Data Protection Regulation (GDPR): European regulation that has a global impact},
  author={Goddard, Michelle},
  journal={International Journal of Market Research},
  volume={59},
  number={6},
  pages={703--705},
  year={2017},
  publisher={SAGE Publications Sage UK: London, England}
}

@article{li2009design,
  title={Design and implementation of a digital parking lot management system},
  author={Li, Xiaolong and Ranga, Uma Kanth},
  journal={Technol. Interface J},
  volume={10},
  year={2009}
}

@electronic{uk2011anpr,
  author = {UK Parliament},
  title = {The history of ANPR},
  year = 2011,
  url = {{https://www.publication.parliament.uk/pa/cm201011/cmpublic/protection/meme/pf11.htm}},
  note = "[Online; geraadpleegd op 2019-09-27]"
}

@article{de2014snelheidscamera,
  title={Snelheidscamera's en trajectcontrole op Vlaamse autosnelwegen. Evaluatie van het effect op snelheidsgedrag en verkeersveiligheid.},
  author={DE PAUW, Ellen and DANIELS, Stijn and BRIJS, Tom and HERMANS, Elke and WETS, Geert},
  year={2014},
  publisher={Instituut voor Mobiliteit--Universiteit Hasselt}
}

@inproceedings{arrieta2019prototype,
  title={Prototype for identification of vehicle plates and character recognition implemented in Raspberry pi},
  author={Arrieta-Rodr{\'\i}guez, E and Murillo, LF and Arnedo, M and Caicedo, A and Fuentes, MA},
  booktitle={IOP Conference Series: Materials Science and Engineering},
  volume={519},
  number={1},
  pages={012028},
  year={2019},
  organization={IOP Publishing}
}

@electronic{raspberrypisite,
  author = {Raspberry Pi Foundation},
  title = {Raspberry Pi 3 Model B+},
  year = 2019,
  url = {{https://www.raspberrypi.org/products/raspberry-pi-3-model-b-plus/}},
  note = "[Online; geraadpleegd op 2019-10-01]"
}
