% Encoding: windows-1252

@Article{buhus2016automatic,
  author    = {Buhus, Elena Roxana and Timis, Daniel and Apatean, Anca},
  title     = {AUTOMATIC PARKING ACCESS USING OPENALPR ON RASPBERRY PI3},
  journal   = {Acta Technica Napocensis},
  year      = {2016},
  volume    = {57},
  number    = {3},
  pages     = {10},
  publisher = {Universitatea Tehnica Cluj-Napoca},
}

@Article{masood2017license,
  author  = {Masood, Syed Zain and Shu, Guang and Dehghan, Afshin and Ortiz, Enrique G},
  title   = {License plate detection and recognition using deeply learned convolutional neural networks},
  journal = {arXiv preprint arXiv:1703.07330},
  year    = {2017},
}

@Article{han2015real,
  author    = {Han, Byung-Gil and Lee, Jong Taek and Lim, Kil-Taek and Chung, Yunsu},
  title     = {Real-Time License Plate Detection in High-Resolution Videos Using Fastest Available Cascade Classifier and Core Patterns},
  journal   = {ETRI Journal},
  year      = {2015},
  volume    = {37},
  number    = {2},
  pages     = {251--261},
  publisher = {Wiley Online Library},
}

@Article{azam2016automatic,
  author    = {Azam, Samiul and Islam, Md Monirul},
  title     = {Automatic license plate detection in hazardous condition},
  journal   = {Journal of Visual Communication and Image Representation},
  year      = {2016},
  volume    = {36},
  pages     = {172--186},
  publisher = {Elsevier},
}

@Comment{jabref-meta: databaseType:bibtex;}
